@article{abia2002,
  title={The carbon-richness of Ba stars},
  author={Abia, C. and others},
  journal={Astronomy \& Astrophysics},
  volume={385},
  pages={943--954},
  year={2002}
}

@article{lucatello2005,
  title={The Binary Frequency Among Carbon-enhanced Metal-poor Stars},
  author={Lucatello, S. and others},
  journal={The Astrophysical Journal},
  volume={625},
  pages={825--832},
  year={2005}
}

@article{christlieb2002,
  title={HE 0107-5240: A chemically ancient star. Evidence for heavy-element enhancement at [Fe/H] ≈ -5},
  author={Christlieb, N. and others},
  journal={Nature},
  volume={419},
  pages={904--906},
  year={2002}
}

@article{norris2013,
  title={The Most Metal-poor Stars. II. Chemical Abundances of 190 Metal-poor Stars Including 10 New Stars with [Fe/H] ≤ -3.5},
  author={Norris, J.E. and others},
  journal={The Astrophysical Journal Supplement Series},
  volume={204},
  pages={9},
  year={2013}
}

@article{ito2009,
  title={High-resolution Spectroscopy of the Hyper-metal-poor Star HE 1327-2326},
  author={Ito, H. and others},
  journal={The Astrophysical Journal Letters},
  volume={698},
  pages={L37--L41},
  year={2009}
}

@article{hansen2011,
  title={First stars. XIV. Sulfur abundances in extremely metal-poor stars},
  author={Hansen, C.J. and others},
  journal={Astronomy \& Astrophysics},
  volume={527},
  pages={A65},
  year={2011}
}


@article{frebel2015,
  title={Metal-poor Stars: Keys to Understanding the Early Universe},
  author={Frebel, A. and Norris, J.E.},
  journal={ARA&A},
  volume={53},
  pages={631--682},
  year={2015}
}

@article{hansen2011,
  title={First stars. XIV. Sulfur abundances in extremely metal-poor stars},
  author={Hansen, C.J. and others},
  journal={Astronomy \& Astrophysics},
  volume={527},
  pages={A65},
  year={2011}
}

@article{ito2009,
  title={High-resolution Spectroscopy of the Hyper-metal-poor Star HE 1327-2326},
  author={Ito, H. and others},
  journal={The Astrophysical Journal Letters},
  volume={698},
  pages={L37--L41},
  year={2009}
}

@article{keller2014,
  title={A single low-energy, iron-poor supernova as the source of metals in the galaxy SMSS J031300.36−670839.3},
  author={Keller, S.C. and others},
  journal={Nature},
  volume={506},
  pages={463--466},
  year={2014}
}

@article{lucatello2005,
  title={The Binary Frequency Among Carbon-enhanced Metal-poor Stars},
  author={Lucatello, S. and others},
  journal={The Astrophysical Journal},
  volume={625},
  pages={825--832},
  year={2005}
}

@article{masseron2010,
  title={Carbon-enhanced metal-poor stars: CEMP-s and CEMP-no subclasses in the halo system of the Milky Way},
  author={Masseron, T. and others},
  journal={Astronomy \& Astrophysics},
  volume={509},
  pages={A88},
  year={2010}
}

@article{norris2013,
  title={The Most Metal-poor Stars. II. Chemical Abundances of 190 Metal-poor Stars Including 10 New Stars with [Fe/H] ≤ -3.5},
  author={Norris, J.E. and others},
  journal={The Astrophysical Journal Supplement Series},
  volume={204},
  pages={9},
  year={2013}
}

@article{yoon2016,
  title={The frequency of carbon-enhanced metal-poor stars in the Galaxy},
  author={Yoon, J. and others},
  journal={The Astrophysical Journal},
  volume={833},
  pages={20},
  year={2016}
}
@article{li2015,
  title={The first data release of the LAMOST general survey},
  author={Li, Y.-B. and others},
  journal={Research in Astronomy and Astrophysics},
  volume={15},
  pages={1438--1448},
  year={2015}
}

@article{yuan2020,
  title={Chemical abundances of carbon-enhanced metal-poor stars from LAMOST and Gaia},
  author={Yuan, Z. and others},
  journal={Monthly Notices of the Royal Astronomical Society},
  volume={497},
  pages={417--432},
  year={2020}
}
@article{ness2015cannon,
  title={The Cannon: A Data-driven Approach to Stellar Label Determination},
  author={Ness, M. and Hogg, D. W. and Rix, H.-W. and Ho, A. Y. Q. and Zasowski, G.},
  journal={The Astrophysical Journal},
  volume={808},
  number={1},
  pages={16},
  year={2015},
  publisher={IOP Publishing},
  doi={10.1088/0004-637X/808/1/16}

}

@article{wang2020spcanet,
  title={SPCANet: Combining Spectral Principal Component Analysis and Neural Networks for Stellar Parameter Estimation},
  author={Wang, Jia-Xian and Liu, Chao and Deng, Li-Cai and others},
  journal={The Astrophysical Journal},
  volume={891},
  number={2},
  pages={118},
  year={2020},
  publisher={IOP Publishing},
  doi={10.3847/1538-4357/ab73cd}
}
@article{zhang2020slam,
  title={SLAM: A Stellar Label Inference Package},
  author={Zhang, Bo and Liu, Chao and Deng, Li-Cai and others},
  journal={The Astrophysical Journal Supplement Series},
  volume={246},
  number={1},
  pages={9},
  year={2020},
  publisher={IOP Publishing},
  doi={10.3847/1538-4365/ab5f5a}
}
@article{li2018,
  author  = {Li, Hongliang and Aoki, Wako and Zhao, Gang and Honda, Satoshi and Christlieb, Norbert},
  title   = {Carbon-Enhanced Metal-Poor Stars in the LAMOST Survey},
  journal = {The Astrophysical Journal},
  year    = {2018},
  volume  = {852},
  number  = {2},
  pages   = {31},
  doi     = {10.3847/1538-4357/aaa1e6}
}

@article{lamost_dr5,
  author  = {Luo, Ali and Zhao, Yong-Heng and Zhao, Gang and Deng, Li-Cai and Liu, Xiao-Wei and Jing, Yi-Peng and Wang, Guo and Zhang, Hao-Tong and Shi, Jian-Rong and Cui, Xiang-Qun and Chu, Yao-Quan d Li, Guang-Wei and Bai, Zhong-Rui and Wu, Yue and Zhang, Yan-Xia and Hou, Yong-Hui},
  title   = {The Fifth Data Release of the LAMOST Survey},
  journal = {VizieR Online Data Catalog},
  year    = {2019},
  volume  = {J/ApJS/240/31},
  pages   = {31},
  doi     = {10.1093/mnras/stz2735}
}

@article{ting2019,
  author  = {Ting, Yuan-Sen and Conroy, Charlie and Rix, Hans-Walter},
  title   = {Data-driven Stellar Parameter Estimation via Using Convolutional Neur Networks},
  journal = {The Astrophysical Journal},
  year    = {2019},
  volume  = {878},
  pages   = {21},
  doi     = {10.3847/1538-4357/ab1b5d}
}
@inproceedings{zhang2021_gan,
  author  = {Zhang, Jie and Zhao, Yongheng},
  title   = {Generative Adversarial Networks for Spectral Imputation in Large Sky Surveys},
  booktitle = {IEEE International Conference on Big Data},
  year    = {2021},
  pages   = {112--120}
}
@article{bayescnn2022,
  author  = {Cheng, Sihao and Ting, Yuan-Sen},
  title   = {Bayesian Neural Networks for Uncertainty Estimation in Stellar Spectral Classification},
  journal = {Monthly Notices of the Royal Astronomical Society},
  year    = {2022},
  volume  = {512},
  pages   = {4205--4218},
  doi     = {10.1093/mnras/stac672}
}
@article{li2023,
    author = {Li, H. and others},
    title = "{Discovery of Metal-poor Stars with LAMOST and Gaia}",
    journal = {The Astrophysical Journal},
    year = {2023},
    volume = {952},
    number = {1},
    pages = {34},
}

@article{zhang2024,
    author = {Zhang, Y. and others},
    title = "{Efficient Stellar Parameter Estimation via SpecCLIP Model}",
    journal = {Monthly Notices of the Royal Astronomical Society},
    year = {2024},
    volume = {527},
    number = {2},
    pages = {1567},
}

@article{beers1992,
    author = {Beers, T. C. and others},
    title = {The Hamburg/ESO R - process Enriched Star Survey. I. Survey Description and First Results},
    journal = {The Astrophysical Journal Supplement Series},
    volume = {81},
    pages = {757},
    year = {1992}
}

@article{aoki2007,
    author = {Aoki, W. and others},
    title = {The Chemical Composition of Extremely Metal - Poor Stars. V. A Large Sample of Carbon - Enhanced Stars},
    journal = {The Astrophysical Journal},
    volume = {659},
    pages = {679},
    year = {2007}
}

@article{christlieb2008,
    author = {Christlieb, N. and others},
    title = {A direct measurement of the cosmological lithium abundance},
    journal = {Nature},
    volume = {452},
    pages = {61},
    year = {2008}
}

@article{frebel2010,
    author = {Frebel, A. and Norris, J. E.},
    title = {The Cosmic Abundance of Carbon - Enhanced Metal - Poor Stars},
    journal = {The Astrophysical Journal},
    volume = {711},
    pages = {118},
    year = {2010}
}

@article{norris2013,
    author = {Norris, J. E. and others},
    title = {The Chemical Compositions of 16 Extremely Metal - Poor Stars},
    journal = {The Astrophysical Journal Supplement Series},
    volume = {208},
    pages = {5},
    year = {2013}
}

@article{hansen2016,
    author = {Hansen, T. T. and others},
    title = {The Pristine Survey. II. Discovery of Ultra - Metal - Poor Stars in the Milky Way Halo},
    journal = {The Astrophysical Journal},
    volume = {827},
    pages = {102},
    year = {2016}
}

@article{sneden2016,
    author = {Sneden, C. and others},
    title = {The Chemical Compositions of Three Exceptionally Metal - Poor Stars},
    journal = {The Astrophysical Journal},
    volume = {820},
    pages = {60},
    year = {2016}
}